@Article{wang2020 ,
  author = 	 {Maria J. Smith and Yuyan Wang},
  title = 	 {Racial disparities in patients with coronavirus disease 2019 infection and gynecologic malignancy},
  journal = 	 {American Cancer Society},
  year = 	 {2020},
  OPTkey = 	 {},
  volume = 	 {127},
  OPTnumber = 	 {},
  pages = 	 {1057-1067},
  OPTmonth = 	 {},
  OPTnote = 	 {},
  OPTannote = 	 {}
}

@Article{hasanuzzaman2020 ,
  author = 	 {Md. Hasanuzzaman and Abul Kalam Azad},
  title = 	 {Effect of meteorological factors on COVID-19 cases in Bangladesh},
  journal = 	 {Environment, Development and Sustainability},
  year = 	 {2020},
  OPTkey = 	 {},
  volume = 	 {23},
  OPTnumber = 	 {},
  pages = 	 {9139--9162},
  OPTmonth = 	 {},
  OPTnote = 	 {},
  OPTannote = 	 {}
}

@Article{borghesi2020 ,
  author = 	 {Andrea Borghesi and Angelo Zigliani},
  title = 	 {Radiographic severity index in COVID-19 pneumonia: relationship to age and sex in 783 Italian patients},
  journal = 	 {La radiologia medica},
  year = 	 {2020},
  OPTkey = 	 {},
  volume = 	 {125},
  OPTnumber = 	 {},
  pages = 	 {461--464},
  OPTmonth = 	 {},
  OPTnote = 	 {},
  OPTannote = 	 {}
}


@Article{kohavi1998 ,
  author = 	 {Ron Kohavi and Foster Provost},
  title = 	 {Special Issue on Applications of Machine Learning and the Knowledge Discovery Process},
  journal = 	 {Machine Learning Journal},
  year = 	 {1998},
  OPTkey = 	 {},
  volume = 	 {30},
  OPTnumber = 	 {},
  pages = 	 {271--274},
  OPTmonth = 	 {},
  OPTnote = 	 {},
  OPTannote = 	 {}
}

@article{brownlee2017,
  title={What is the difference between test and validation datasets},
  author={Brownlee, Jason},
  journal={Machine Learning Mastery},
  volume={14},
  year={2017}
}

@Article{powers2015 ,
  author = 	 {David Powers},
  title = 	 {What the F-measure doesn't measure},
  journal = 	 {Technical report, Beijing University of Technology, China \& Flinders University, Australia, Tech. Rep.},
  year = 	 {2014},
  OPTkey = 	 {},
  volume = 	 {},
  OPTnumber = 	 {},
  pages = 	 {},
  OPTmonth = 	 {},
  OPTnote = 	 {},
  OPTannote = 	 {}
}

@Article{fawcett2005 ,
  author = 	 {Tom Fawcett},
  title = 	 {An Introduction to ROC Analysis},
  journal = 	 {Pattern Recognition Letters},
  year = 	 {2005},
  OPTkey = 	 {},
  volume = 	 {27},
  OPTnumber = 	 {},
  pages = 	 {861--874},
  OPTmonth = 	 {},
  OPTnote = 	 {},
  OPTannote = 	 {}
}

@Article{powers2011 ,
  author = 	 {David Powers},
  title = 	 {Evaluation: From Precision, Recall and F-Measure to ROC, Informedness, Markedness and Correlation},
  journal = 	 {Journal of Machine Learning Technologies},
  year = 	 {2011},
  OPTkey = 	 {},
  volume = 	 {},
  OPTnumber = 	 {},
  pages = 	 {},
  OPTmonth = 	 {},
  OPTnote = 	 {},
  OPTannote = 	 {}
}


@inproceedings{lundberg2017,
  title={A unified approach to interpreting model predictions},
  author={Lundberg, Scott M and Lee, Su-In},
  booktitle={Proceedings of the 31st international conference on neural information processing systems},
  pages={4768--4777},
  year={2017}
}

@article{wolfel2020,
  title={Virological assessment of hospitalized patients with COVID-2019},
  author={W{\"o}lfel, Roman and Corman, Victor M and Guggemos, Wolfgang and Seilmaier, Michael and Zange, Sabine and M{\"u}ller, Marcel A and Niemeyer, Daniela and Jones, Terry C and Vollmar, Patrick and Rothe, Camilla and others},
  journal={Nature},
  volume={581},
  number={7809},
  pages={465--469},
  year={2020},
  publisher={Nature Publishing Group}
}


@article{chirizzi2020,
  title={SARS-CoV-2 concentrations and virus-laden aerosol size distributions in outdoor air in north and south of Italy},
  author={Chirizzi, D and Conte, M and Feltracco, M and Dinoi, A and Gregoris, E and Barbaro, E and La Bella, G and Ciccarese, G and La Salandra, G and Gambaro, A and others},
  journal={Environment International},
  volume={146},
  pages={106255},
  year={2021},
  publisher={Elsevier}
}

@article{tharwat2018,
  title={Classification assessment methods},
  author={Tharwat, Alaa},
  journal={Applied Computing and Informatics},
  year={2020},
  publisher={Emerald Publishing Limited}
}

@misc{USCB2021,
  title        = {2010 Census Results - United States and Puerto Rico; Population Density by County or County Equivalent},
  author       = {{U.S. Census Bureau}},
  howpublished = "\url{https://todo.com}",
  year         = 2010,
  note         = {DostÄ™p: 2021-09-01}
}


@inproceedings{chen2016,
  title={Xgboost: A scalable tree boosting system},
  author={Chen, Tianqi and Guestrin, Carlos},
  booktitle={Proceedings of the 22nd acm sigkdd international conference on knowledge discovery and data mining},
  pages={785--794},
  year={2016}
}



























































@Article{benaim2003,
  author = 	 {M. Benaim and J. W. Weibull},
  title = 	 {Deterministic approximation of stochastic evolution in games},
  journal = 	 {Econometrica},
  year = 	 {2003},
  OPTkey = 	 {},
  volume = 	 {71},
  OPTnumber = 	 {},
  pages = 	 {873--903},
  OPTmonth = 	 {},
  OPTnote = 	 {},
  OPTannote = 	 {}
}

@Article{osborne1998,
  author = 	 {M. Osborne and A. Rubinstein},
  title = 	 {Games with procedurally rational players},
  journal = 	 {American Economic Review},
  year = 	 {1998},
  OPTkey = 	 {},
  volume = 	 {88},
  OPTnumber = 	 {},
  pages = 	 {834--847},
  OPTmonth = 	 {},
  OPTnote = 	 {},
  OPTannote = 	 {}
}

@Book{garland2010,
  author = 	 {G. S. Tucker},
  ALTeditor = 	 {},
  title = 	 {The High Tide of American Conservatism: Davis, Coolidge, and the 1924 Election},
  publisher = 	 {Emerald Book},
  year = 	 {2010},
  OPTkey = 	 {},
  OPTvolume = 	 {},
  OPTnumber = 	 {},
  OPTseries = 	 {},
  OPTaddress = 	 {},
  OPTedition = 	 {},
  OPTmonth = 	 {},
  OPTnote = 	 {},
  OPTannote = 	 {}
}


